<?xml version="1.0" encoding="UTF-8"?><record xmlns="http://www.loc.gov/MARC21/slim" xmlns:cinclude="http://apache.org/cocoon/include/1.0" xmlns:zs="http://www.loc.gov/zing/srw/">
  <leader>00366nz  a2200133n  4500</leader>
  <controlfield tag="001">no 96046079 </controlfield>
  <controlfield tag="003">DLC</controlfield>
  <controlfield tag="005">19960913053547.3</controlfield>
  <controlfield tag="008">960912n| acannaab|          |n aaa     c</controlfield>
  <datafield tag="010" ind1=" " ind2=" ">
    <subfield code="a">no 96046079 </subfield>
  </datafield>
  <datafield tag="035" ind1=" " ind2=" ">
    <subfield code="a">(OCoLC)oca04159703 </subfield>
  </datafield>
  <datafield tag="040" ind1=" " ind2=" ">
    <subfield code="a">IWhN</subfield>
    <subfield code="c">IWhN</subfield>
  </datafield>
  <datafield tag="100" ind1="1" ind2="0">
    <subfield code="a">Poole, Stephen,</subfield>
    <subfield code="d">1963-</subfield>
  </datafield>
  <datafield tag="670" ind1=" " ind2=" ">
    <subfield code="a">Halifax, c1995:</subfield>
    <subfield code="b">t.p. (Stephen Poole) CanCIP (Poole, Stephen, 1963- )</subfield>
  </datafield>
</record>